<record><leader>00000cas a22000007a 4500</leader><controlfield tag="001">14163307</controlfield><controlfield tag="008">860829d19211927wiuwr ne      0    0eng d</controlfield><datafield ind1=" " ind2=" " tag="010"><subfield code="a">sn 86086656 </subfield></datafield><datafield ind1=" " ind2=" " tag="040"><subfield code="a">NPV</subfield><subfield code="b">eng</subfield><subfield code="c">NPV</subfield><subfield code="d">OCLCQ</subfield></datafield><datafield ind1=" " ind2=" " tag="042"><subfield code="a">msc</subfield></datafield><datafield ind1="0" ind2="4" tag="245"><subfield code="a">The Marshfield news and Wisconsin hub.</subfield></datafield><datafield ind1="1" ind2="7" tag="246"><subfield code="a">Marshfield news</subfield></datafield><datafield ind1="3" ind2="0" tag="246"><subfield code="a">Wisconsin hub</subfield></datafield><datafield ind1="1" ind2="7" tag="246"><subfield code="a">Marshfield news-herald</subfield></datafield><datafield ind1=" " ind2=" " tag="260"><subfield code="a">Marshfield, Wis. :</subfield><subfield code="b">Marshfield Pub.,</subfield><subfield code="c">1921-1927.</subfield></datafield><datafield ind1=" " ind2=" " tag="300"><subfield code="a">v. :</subfield><subfield code="b">ill.</subfield></datafield><datafield ind1=" " ind2=" " tag="310"><subfield code="a">Weekly</subfield></datafield><datafield ind1="0" ind2=" " tag="362"><subfield code="a">Vol. 32, no. 28 (Mar. 3, 1921)-v. 7, no. 179 (Oct. 5, 1927).</subfield></datafield><datafield ind1=" " ind2=" " tag="500"><subfield code="a">Publisher varies.</subfield></datafield><datafield ind1=" " ind2=" " tag="752"><subfield code="a">United States</subfield><subfield code="b">Wisconsin</subfield><subfield code="c">Marathon</subfield><subfield code="d">Marshfield.</subfield></datafield><datafield ind1=" " ind2=" " tag="752"><subfield code="a">United States</subfield><subfield code="b">Wisconsin</subfield><subfield code="c">Wood</subfield><subfield code="d">Marshfield.</subfield></datafield><datafield ind1="0" ind2="4" tag="780"><subfield code="t">Marshfield news</subfield><subfield code="w">(DLC)sn 86086653</subfield></datafield><datafield ind1="0" ind2="4" tag="780"><subfield code="t">Wisconsin hub</subfield><subfield code="w">(DLC)sn 86086655</subfield></datafield></record>